@inproceedings{DBLP:conf/nips/DefferrardBV16,
  author    = {Micha{\"{e}}l Defferrard and
               Xavier Bresson and
               Pierre Vandergheynst},
  title     = {Convolutional Neural Networks on Graphs with Fast Localized Spectral
               Filtering},
  booktitle = {{NIPS}},
  pages     = {3837--3845},
  year      = {2016},
  Author+an = {1=highlight},
  addendum={(CCF A类会议)}
}
