@inproceedings{DBLP:conf/nips/YouYL20,
  author    = {Jiaxuan You and
               Zhitao Ying and
               Jure Leskovec},
  title     = {Design Space for Graph Neural Networks},
  booktitle = {NeurIPS},
  year      = {2020}
}
